<?xml version="1.0" encoding="UTF-8"?><collection xmlns="http://www.loc.gov/MARC21/slim"><record><leader>00344nam--2200121-i-4500</leader><controlfield tag="001">000017092</controlfield><controlfield tag="002">20161230</controlfield><controlfield tag="005">20161230201032</controlfield><controlfield tag="008">060222s1000------------r-----000-0-eng-d</controlfield><datafield ind1=" " ind2=" " tag="080"><subfield code="a">537.533.3</subfield></datafield><datafield ind1=" " ind2=" " tag="245"><subfield code="a">Arago 13. optoelectronique moleculaire. ob- servatoire francacais des techniques avancees</subfield></datafield><datafield ind1=" " ind2=" " tag="260"><subfield code="a">Bonn, Masson, 1993 367 P</subfield></datafield><datafield ind1=" " ind2=" " tag="852"><subfield code="a">80062</subfield></datafield></record></collection>